@article{reuters,
  title={Scientists did not break speed of light - it was a faulty wire},
  journal={The Telegraph},
  year={2012},
  publisher={Springer},
month = {February 22,},
  url={http://www.telegraph.co.uk/science/science-news/9100009/Scientists-did-not-break-speed-of-light-it-was-a-faulty-wire.html}
}
