@article{bbc,
  title="Specs spies on speeding motorists",
  journal="BBC News",
  year={2005},
  month = "July 14,",
  url={http://news.bbc.co.uk/2/hi/uk_news/scotland/4681507.stm}
}
